

@article{oberski2015replication,
  author =        {Oberski, Daniel},
  publisher =     {Harvard Dataverse},
  title =         {Replication Data for: `Evaluating measurement
                   invariance in categorical data latent variable models
                   with the EPC-interest'},
  year =          {2015},
  doi =           {doi/10.7910/DVN/I7Y3G2},
  url =           {http://dx.doi.org/10.7910/DVN/I7Y3G2},
}

@article{lukovciene2010simultaneous,
  author =        {Luko{\v{c}}ien{\.e}, Olga and Varriale, Roberta and
                   Vermunt, Jeroen K},
  journal =       {Sociological Methodology},
  number =        {1},
  pages =         {247--283},
  publisher =     {Wiley Online Library},
  title =         {The simultaneous decision(s) about the number of
                   lower-and higher-level classes in multilevel latent
                   class analysis},
  volume =        {40},
  year =          {2010},
}

@article{inglehart2010changing,
  author =        {Inglehart, Ronald and Welzel, Christian},
  journal =       {Perspectives on Politics},
  number =        {02},
  pages =         {551--567},
  publisher =     {Cambridge Univ Press},
  title =         {Changing mass priorities: The link between
                   modernization and democracy},
  volume =        {8},
  year =          {2010},
}

@article{moors2007heterogeneity,
  author =        {Moors, Guy and Vermunt, Jeroen},
  journal =       {European Sociological Review},
  number =        {5},
  pages =         {631--648},
  publisher =     {Oxford University Press},
  title =         {Heterogeneity in post-materialist value priorities.
                   Evidence from a latent class discrete choice
                   approach},
  volume =        {23},
  year =          {2007},
}

@article{magnus2007local,
  author =        {Magnus, J.R. and Vasnev, A.L.},
  journal =       {The Econometrics Journal},
  number =        {1},
  pages =         {166--192},
  publisher =     {Wiley Online Library},
  title =         {Local sensitivity and diagnostic tests},
  volume =        {10},
  year =          {2007},
}

@article{sorbom1989model,
  author =        {S{\"o}rbom, D.},
  journal =       {Psychometrika},
  number =        {3},
  pages =         {371--384},
  publisher =     {Springer-Verlag},
  title =         {Model modification},
  volume =        {54},
  year =          {1989},
}

@book{magnus2007matrix,
  address =       {New York},
  author =        {Magnus, J.R. and Neudecker, H.},
  publisher =     {John Wiley \& Sons},
  title =         {Matrix Differential Calculus with Applications in
                   Statistics and Econometrics, Third Edition},
  year =          {2007},
}

