%% This BibTeX bibliography file was created using BibDesk.
%% http://bibdesk.sourceforge.net/


%% Created for D Oberski at 2015-07-03 13:56:32 +0200 


%% Saved with string encoding Unicode (UTF-8) 



@article{poole1985spatial,
	Author = {Poole, Keith T and Rosenthal, Howard},
	Journal = {American Journal of Political Science},
	Pages = {357--384},
	Publisher = {JSTOR},
	Title = {A spatial model for legislative roll call analysis},
	Year = {1985}}

@article{mccutcheon1985latent,
	Author = {McCutcheon, Allan L},
	Journal = {Public Opinion Quarterly},
	Number = {4},
	Pages = {474--488},
	Publisher = {AAPOR},
	Title = {A latent class analysis of tolerance for nonconformity in the American public},
	Volume = {49},
	Year = {1985}}

@article{inglehart1981post,
	Author = {Inglehart, Ronald},
	Journal = {The American Political Science Review},
	Number = {4},
	Pages = {880--900},
	Publisher = {JSTOR},
	Title = {Post-materialism in an environment of insecurity},
	Volume = {75},
	Year = {1981}}

@article{moors2007heterogeneity,
	Author = {Moors, Guy and Vermunt, Jeroen},
	Journal = {European Sociological Review},
	Number = {5},
	Pages = {631--648},
	Publisher = {Oxford University Press},
	Title = {Heterogeneity in post-materialist value priorities. Evidence from a latent class discrete choice approach},
	Volume = {23},
	Year = {2007}}

@article{steenkamp_assessing_1998,
	Author = {{JBEM} Steenkamp and H. Baumgartner},
	Journal = {Journal of Consumer Research},
	Number = {1},
	Pages = {78--107},
	Title = {Assessing measurement invariance in cross-national consumer research},
	Volume = {25},
	Year = {1998}}

@article{vandenberg2000review,
	Author = {Vandenberg, R.J. and Lance, C.E.},
	Journal = {Organizational Research Methods},
	Number = {1},
	Pages = {4--70},
	Publisher = {Sage Publications},
	Title = {A review and synthesis of the measurement invariance literature: Suggestions, practices, and recommendations for organizational research},
	Volume = {3},
	Year = {2000}}

@article{schmitt2008measurement,
	Author = {Schmitt, N. and Kuljanin, G.},
	Journal = {Human Resource Management Review},
	Number = {4},
	Pages = {210--222},
	Publisher = {Elsevier},
	Title = {Measurement invariance: Review of practice and implications},
	Volume = {18},
	Year = {2008}}

@book{Holland:1993aa,
	Address = {New York},
	Author = {Holland, Paul W and Wainer, Howard},
	Date-Modified = {2015-07-03 11:51:34 +0000},
	Isbn = {0805809724},
	Publisher = {Routledge},
	Title = {Differential item functioning},
	Year = {1993}}

@article{Oberski:WP:EPC-interest,
	Author = {Oberski, D.L.},
	Doi = {10.1093/pan/mpt014},
	Journal = {Political Analysis},
	Number = {1},
	Pages = {45-60},
	Title = {Evaluating Sensitivity of Parameters of Interest to Measurement Invariance in Latent Variable Models},
	Volume = {22},
	Year = {2014},
	Bdsk-Url-1 = {http://dx.doi.org/10.1093/pan/mpt014}}

@article{oberski2015replication,
	Author = {Oberski, Daniel},
	Doi = {doi/10.7910/DVN/I7Y3G2},
	Publisher = {Harvard Dataverse},
	Title = {Replication Data for: `Evaluating measurement invariance in categorical data latent variable models with the EPC-interest'},
	Url = {http://dx.doi.org/10.7910/DVN/I7Y3G2},
	Year = {2015},
	Bdsk-Url-1 = {http://dx.doi.org/10.7910/DVN/I7Y3G2}}

@article{bollen2002latent,
	Author = {Bollen, Kenneth A},
	Date-Modified = {2015-07-03 11:53:22 +0000},
	Journal = {Annual Review of Psychology},
	Number = {1},
	Pages = {605--634},
	Publisher = {Annual Reviews},
	Title = {Latent variables in psychology and the social sciences},
	Volume = {53},
	Year = {2002}}

@article{meredith1993measurement,
	Author = {Meredith, W.},
	Journal = {Psychometrika},
	Number = {4},
	Pages = {525--543},
	Publisher = {Springer-Verlag},
	Title = {Measurement invariance, factor analysis and factorial invariance},
	Volume = {58},
	Year = {1993}}

@article{mellenbergh1989item,
	Author = {Mellenbergh, G.J.},
	Journal = {International Journal of Educational Research},
	Number = {2},
	Pages = {127--143},
	Publisher = {Elsevier},
	Title = {Item bias and item response theory},
	Volume = {13},
	Year = {1989}}

@article{byrne1989testing,
	Author = {Byrne, B.M. and Shavelson, R.J. and Muth\'en, Bengt},
	Journal = {Psychological Bulletin},
	Number = {3},
	Pages = {456},
	Publisher = {American Psychological Association},
	Title = {Testing for the equivalence of factor covariance and mean structures: The issue of partial measurement invariance.},
	Volume = {105},
	Year = {1989}}

@incollection{kankaras2010testing,
	Address = {New York},
	Author = {Kankara{\v{s}}, Milo{\v{s}} and Moors, Guy and Vermunt, Jeroen K},
	Booktitle = {Cross-cultural analysis: Methods and applications},
	Editor = {Eldad Davidov and Peter Schmidt and Jaak Billiet},
	Pages = {359--384},
	Publisher = {Taylor \& Francis},
	Title = {Testing for measurement invariance with latent class analysis},
	Year = {2010}}

@article{hu1998fit,
	Author = {Hu, L. and Bentler, P.M.},
	Date-Modified = {2015-07-03 11:52:09 +0000},
	Journal = {Psychological Methods},
	Number = {4},
	Pages = {424},
	Publisher = {American Psychological Association},
	Title = {Fit indices in covariance structure modeling: Sensitivity to underparameterized model misspecification.},
	Volume = {3},
	Year = {1998}}

@article{cheung2002evaluating,
	Author = {Cheung, G.W. and Rensvold, R.B.},
	Journal = {Structural Equation Modeling},
	Number = {2},
	Pages = {233--255},
	Publisher = {Taylor \& Francis},
	Title = {Evaluating goodness-of-fit indexes for testing measurement invariance},
	Volume = {9},
	Year = {2002}}

@article{chen2007sensitivity,
	Author = {Chen, F.F.},
	Journal = {Structural Equation Modeling},
	Number = {3},
	Pages = {464--504},
	Publisher = {Taylor \& Francis},
	Title = {Sensitivity of goodness of fit indexes to lack of measurement invariance},
	Volume = {14},
	Year = {2007}}

@article{saris2009testing,
	Author = {Saris, W.E. and Satorra, A. and Van der Veld, W.M.},
	Journal = {Structural Equation Modeling},
	Number = {4},
	Pages = {561--582},
	Publisher = {Taylor \& Francis},
	Title = {Testing structural equation models or detection of misspecifications?},
	Volume = {16},
	Year = {2009}}

@article{saris_detection_1987,
	Author = {W.E. Saris and A. Satorra and D. S\"orbom},
	Journal = {Sociological Methodology},
	Pages = {105--129},
	Title = {The Detection and Correction of Specification Errors in Structural Equation Models},
	Volume = {17},
	Year = {1987}}

@incollection{bentler1993some,
	Address = {Thousand Oaks, CA},
	Author = {Bentler, P.M. and Chou, C.P.},
	Booktitle = {Testing Structural Equation Models},
	Date-Modified = {2015-07-03 11:56:04 +0000},
	Editor = {J{\"o}reskog, K.G. and Scott Long, J.},
	Pages = {235--235},
	Publisher = {Sage},
	Title = {Some New Covariance Structure Model Improvement Statistics},
	Year = {1993}}

@article{magnus2007local,
	Author = {Magnus, J.R. and Vasnev, A.L.},
	Journal = {The Econometrics Journal},
	Number = {1},
	Pages = {166--192},
	Publisher = {Wiley Online Library},
	Title = {Local sensitivity and diagnostic tests},
	Volume = {10},
	Year = {2007}}

@article{satorra1989alternative,
	Author = {Satorra, A.},
	Journal = {Psychometrika},
	Number = {1},
	Pages = {131--151},
	Publisher = {Springer-Verlag},
	Title = {Alternative Test Criteria in Covariance Structure Analysis: A Unified Approach},
	Volume = {54},
	Year = {1989}}

@article{rabe2004generalized,
	Author = {Rabe-Hesketh, Sophia and Skrondal, Anders and Pickles, Andrew},
	Journal = {Psychometrika},
	Number = {2},
	Pages = {167--190},
	Publisher = {Springer},
	Title = {Generalized multilevel structural equation modeling},
	Volume = {69},
	Year = {2004}}

@book{vermunt2013technical,
	Address = {Belmont, MA},
	Author = {J. K Vermunt and J. Magidson},
	Publisher = {Statistical Innovations Inc.},
	Title = {Technical guide for Latent {GOLD} 5.0: Basic, Advanced, and Syntax},
	Year = {2013}}

@incollection{vermunt_factor_2004,
	Address = {Mahwah},
	Author = {J. K Vermunt and J. Magidson},
	Booktitle = {New developments in categorical data analysis for the social and behavioral sciences},
	Date-Modified = {2015-07-03 11:52:04 +0000},
	Editor = {L. Andries {van der {Ark}} and Marcel A. Croon and Klaas Sijtsma},
	Pages = {41-63},
	Publisher = {Erblaum},
	Title = {Factor Analysis with Categorical Indicators: A Comparison Between Traditional and Latent Class Approaches},
	Year = {2004}}

@article{poole2008scaling,
	Author = {Poole, Keith T and Lewis, Jeffrey B and Lo, James and Carroll, Royce},
	Date-Modified = {2015-07-03 11:55:14 +0000},
	Journal = {Journal of Statistical Software},
	Number = {14},
	Title = {Scaling Roll Call Votes with w-nominate in {R}},
	Volume = {42},
	Year = {2011}}

@electronic{poole2012oc,
	Author = {Poole, Keith and Lewis, Jeffrey and Lo, James and Carroll, Royce},
	Date-Modified = {2015-07-03 11:54:17 +0000},
	Journal = {{R} package version 0.93. },
	Title = {oc: {OC} Roll Call Analysis Software},
	Url = {http://cran.r-project.org/web/packages/oc/index.html},
	Year = {2012}}

@article{benjamini1995controlling,
	Author = {Benjamini, Yoav and Hochberg, Yosef},
	Journal = {Journal of the Royal Statistical Society. Series B (Methodological)},
	Number = {1},
	Pages = {289--300},
	Title = {Controlling the false discovery rate: a practical and powerful approach to multiple testing},
	Volume = {57},
	Year = {1995}}

@article{inglehart2010changing,
	Author = {Inglehart, Ronald and Welzel, Christian},
	Journal = {Perspectives on Politics},
	Number = {02},
	Pages = {551--567},
	Publisher = {Cambridge Univ Press},
	Title = {Changing mass priorities: The link between modernization and democracy},
	Volume = {8},
	Year = {2010}}

@article{inglehart2002gender,
	Author = {Inglehart, Ronald and Norris, Pippa and Welzel, Christian},
	Journal = {Comparative Sociology},
	Number = {3-4},
	Pages = {321--345},
	Publisher = {Springer},
	Title = {Gender equality and democracy},
	Volume = {1},
	Year = {2002}}

@manual{arel2013WDI,
	Author = {Vincent Arel-Bundock},
	Note = {R package version 2.4},
	Title = {WDI: World Development Indicators (World Bank)},
	Url = {http://CRAN.R-project.org/package=WDI},
	Year = {2013},
	Bdsk-Url-1 = {http://CRAN.R-project.org/package=WDI}}

@manual{Rlanguage,
	Address = {Vienna, Austria},
	Author = {{R Core Team}},
	Note = {{ISBN} 3-900051-07-0},
	Organization = {{R} Foundation for Statistical Computing},
	Title = {{R}: A Language and Environment for Statistical Computing},
	Url = {http://www.R-project.org/},
	Year = {2012},
	Bdsk-Url-1 = {http://www.R-project.org/}}

@book{luce1959individual,
	Address = {New York},
	Author = {R. Duncan Luce},
	Publisher = {John Wiley and Sons},
	Title = {Individual Choice Behavior: a Theoretical Analysis},
	Year = {1959}}

@incollection{bockenholt2002comparison,
	Address = {Cambridge, UK},
	Author = {B{\"o}ckenholt, U.},
	Booktitle = {Applied Latent Class Analysis},
	Date-Modified = {2015-07-03 11:50:14 +0000},
	Editor = {Jacques A.P. Hagenaars and Allan L. McCutcheon},
	Pages = {163--182},
	Publisher = {Cambridge University Press},
	Title = {Comparison and choice: Analyzing discrete preference data by latent class scaling models},
	Year = {2002}}

@incollection{croon1989latent,
	Address = {North-Holland},
	Author = {Croon, Marcel},
	Booktitle = {New Developments in Psychological Choice Modelling},
	Date-Modified = {2015-07-03 11:53:15 +0000},
	Editor = {De Soete, G. and Feger, H. and Klauer, K. C.},
	Pages = {99--121},
	Publisher = {Elsevier Science Publishers},
	Title = {Latent Class Models for the Analysis of Rankings},
	Year = {1989}}

@incollection{hancock2009tenuousness,
	Address = {Rotterdam, The Netherlands},
	Author = {Gregory R. Hancock and Laura M. Stapleton and Ilona Arnold-Berkovits},
	Booktitle = {Structural Equation Modeling in Educational Research: Concepts and Applications},
	Editor = {T. Teo and M.S. Khine},
	Pages = {137-174},
	Publisher = {Sense Publishers},
	Title = {The tenuousness of invariance tests within multisample covariance and mean structure models},
	Year = {2009}}
